<?xml version="1.0" encoding="UTF-8"?>
  <record xmlns="http://www.loc.gov/MARC21/slim" type="Authority">
    <leader>00000nz  a2200000oc 4500</leader>
    <controlfield tag="001">12988216X</controlfield>
    <controlfield tag="003">DE-101</controlfield>
    <controlfield tag="005">20210915131249.0</controlfield>
    <controlfield tag="008">050323n||aznnnaabn           | aaa    |c</controlfield>
    <datafield tag="024" ind1="7" ind2=" ">
      <subfield code="a">12988216X</subfield>
      <subfield code="0">http://d-nb.info/gnd/12988216X</subfield>
      <subfield code="2">gnd</subfield>
    </datafield>
    <datafield tag="035" ind1=" " ind2=" ">
      <subfield code="a">(DE-101)12988216X</subfield>
    </datafield>
    <datafield tag="035" ind1=" " ind2=" ">
      <subfield code="a">(DE-588)12988216X</subfield>
    </datafield>
    <datafield tag="035" ind1=" " ind2=" ">
      <subfield code="z">(DE-588a)12988216X</subfield>
      <subfield code="9">v:zg</subfield>
    </datafield>
    <datafield tag="040" ind1=" " ind2=" ">
      <subfield code="a">DE-35</subfield>
      <subfield code="c">DE-35</subfield>
      <subfield code="9">r:DE-601</subfield>
      <subfield code="b">ger</subfield>
      <subfield code="d">2214</subfield>
    </datafield>
    <datafield tag="042" ind1=" " ind2=" ">
      <subfield code="a">gnd3</subfield>
    </datafield>
    <datafield tag="043" ind1=" " ind2=" ">
      <subfield code="c">XA-DE</subfield>
    </datafield>
    <datafield tag="075" ind1=" " ind2=" ">
      <subfield code="b">p</subfield>
      <subfield code="2">gndgen</subfield>
    </datafield>
    <datafield tag="075" ind1=" " ind2=" ">
      <subfield code="b">piz</subfield>
      <subfield code="2">gndspec</subfield>
    </datafield>
    <datafield tag="079" ind1=" " ind2=" ">
      <subfield code="a">g</subfield>
      <subfield code="q">f</subfield>
    </datafield>
    <datafield tag="100" ind1="1" ind2=" ">
      <subfield code="a">Sopher, Maria Barbara</subfield>
      <subfield code="d">1602-1632</subfield>
    </datafield>
    <datafield tag="400" ind1="1" ind2=" ">
      <subfield code="a">Sopheriana, Maria Barbara</subfield>
      <subfield code="d">1602-1632</subfield>
    </datafield>
    <datafield tag="400" ind1="1" ind2=" ">
      <subfield code="a">Pincier, Maria Barbara</subfield>
      <subfield code="d">1602-1632</subfield>
      <subfield code="4">nafr</subfield>
      <subfield code="4">https://d-nb.info/standards/elementset/gnd#EarlierNameOfThePerson</subfield>
      <subfield code="w">r</subfield>
      <subfield code="i">Frueherer Name</subfield>
      <subfield code="e">Frueherer Name</subfield>
    </datafield>
    <datafield tag="400" ind1="1" ind2=" ">
      <subfield code="a">Pinciera, Maria Barbara</subfield>
      <subfield code="d">1602-1632</subfield>
    </datafield>
    <datafield tag="500" ind1="1" ind2=" ">
      <subfield code="0">(DE-101)116186232</subfield>
      <subfield code="0">(DE-588)116186232</subfield>
      <subfield code="0">https://d-nb.info/gnd/116186232</subfield>
      <subfield code="a">Pincier, Johannes</subfield>
      <subfield code="d">1556-1624</subfield>
      <subfield code="4">bezf</subfield>
      <subfield code="4">https://d-nb.info/standards/elementset/gnd#familialRelationship</subfield>
      <subfield code="w">r</subfield>
      <subfield code="i">Beziehung familiaer</subfield>
      <subfield code="e">Beziehung familiaer</subfield>
      <subfield code="9">v:Vater</subfield>
    </datafield>
    <datafield tag="500" ind1="1" ind2=" ">
      <subfield code="0">(DE-101)129882038</subfield>
      <subfield code="0">(DE-588)129882038</subfield>
      <subfield code="0">https://d-nb.info/gnd/129882038</subfield>
      <subfield code="a">Sopher, Gothard</subfield>
      <subfield code="d">1587-1649</subfield>
      <subfield code="4">bezf</subfield>
      <subfield code="4">https://d-nb.info/standards/elementset/gnd#familialRelationship</subfield>
      <subfield code="w">r</subfield>
      <subfield code="i">Beziehung familiaer</subfield>
      <subfield code="e">Beziehung familiaer</subfield>
      <subfield code="9">v:Ehemann</subfield>
    </datafield>
    <datafield tag="548" ind1=" " ind2=" ">
      <subfield code="a">1602-1632</subfield>
      <subfield code="4">datl</subfield>
      <subfield code="4">https://d-nb.info/standards/elementset/gnd#dateOfBirthAndDeath</subfield>
      <subfield code="w">r</subfield>
      <subfield code="i">Lebensdaten</subfield>
    </datafield>
    <datafield tag="672" ind1=" " ind2="0">
      <subfield code="a">Eine christliche Leichpredigt/ auß der Apostolischen Geschichte am 9. Cap. Vom Todt und Aufferweckung der Rehe/ Gehalten bey Begräbnus/ Weyland der Ehrnreichen und Vieltugendsamen Frawen Mariæ Barbaræ/ des Ehrnvesten/ Hochgelahrten und Hochachtbarn Herrn Gothard Sophers/ Gräflichen Solms Lichischen Rahts und Amptmannes/ ehelichen lieben Haußfrawen seligen/Welche im Jahr 1632. den 9. Tag Julii/... zu Lich selig ... entschlaffen/ und hernacher den 12. Julii ... zur Erden bestattet worden ist. Durch Hermannum Philippum Orthium, Dienern am Wort Gottes bey dem Evangelischen Stifft zu Lich, Marburg: Hampel</subfield>
      <subfield code="f">1633</subfield>
    </datafield>
    <datafield tag="678" ind1=" " ind2=" ">
      <subfield code="b">Tochter des Prof. der Med. zu Marburg Johannes Pincier, 1. Ehefrau von Gothard Sopher, Solms-Lichischer Rat und Amtmann</subfield>
    </datafield>
    <datafield tag="913" ind1=" " ind2=" ">
      <subfield code="S">pnd</subfield>
      <subfield code="i">a</subfield>
      <subfield code="a">Sopher, Maria Barbara</subfield>
      <subfield code="0">(DE-588a)12988216X</subfield>
    </datafield>
  </record>
